@book{sutton_barto_2018, place={Cambridge (Mass.)}, title={Reinforcement learning: an introduction}, publisher={The MIT Press.}, author={Sutton, Richard S.. and Barto, Andrew G..}, year={2018}}  
@misc{chaochao_2019, title={Introduction to CausalRL}, url={https://causallu.com/2018/12/31/introduction-to-causalrl/}, journal={Chaochao Lu}, author={Chaochao}, year={2019}, month={Jan}} 
@misc{arntzenius_2010, title={Reichenbach's Common Cause Principle}, url={https://plato.stanford.edu/entries/physics-Rpcc/}, journal={Stanford Encyclopedia of Philosophy}, publisher={Stanford University}, author={Arntzenius, Frank}, year={2010}, month={Aug}}
@article{Gershman2017,title={Reinforcement learning and causal models},  author={Gershman, Samuel J},  journal={The Oxford Handbook of Causal Reasoning},  pages={295},  year={2017},  publisher={Oxford University Press}}
@article{lu2018deconfounding,   title={Deconfounding Reinforcement Learning in Observational Settings},   author={Lu, Chaochao and Sch{\"o}lkopf, Bernhard and Hern{\'a}ndez-Lobato, Jos{\'e} Miguel},   journal={arXiv preprint arXiv:1812.10576},   year={2018} } 
@article{buesing2018, author = {Buesing, Lars and Weber, Theophane and Zwols, Yori and Racanière, Sébastien and Guez, Arthur and Lespiau, Jean-Baptiste and Heess, Nicolas}, year = {2018}, month = {11}, pages = {}, title = {Woulda, Coulda, Shoulda: Counterfactually-Guided Policy Search} }  
@book{pearl_2009, place={New York}, title={Causality: models, reasoning, and interference}, publisher={Cambridge University Press}, author={Pearl, Judea}, year={2009}}      
@article{mnih2013playing,   title={Playing atari with deep reinforcement learning},   author={Mnih, Volodymyr and Kavukcuoglu, Koray and Silver, David and Graves, Alex and Antonoglou, Ioannis and Wierstra, Daan and Riedmiller, Martin},   journal={arXiv preprint arXiv:1312.5602},   year={2013} } 
@article{schaul2015prioritized,   title={Prioritized experience replay},   author={Schaul, Tom and Quan, John and Antonoglou, Ioannis and Silver, David},   journal={arXiv preprint arXiv:1511.05952},   year={2015} } 
@article{dasgupta2019causal,   title={Causal Reasoning from Meta-reinforcement Learning},   author={Dasgupta, Ishita and Wang, Jane and Chiappa, Silvia and Mitrovic, Jovana and Ortega, Pedro and Raposo, David and Hughes, Edward and Battaglia, Peter and Botvinick, Matthew and Kurth-Nelson, Zeb},   journal={arXiv preprint arXiv:1901.08162},   year={2019} } 
@techreport{lee2019structural,   title={Structural Causal Bandits with Non-manipulable Variables},   author={Lee, Sanghack and Bareinboim, Elias},   year={2019},   institution={Technical Report R-40, Purdue AI Lab, Department of Computer Science, Purdue~…} } 
@inproceedings{bareinboim2015bandits,   title={Bandits with unobserved confounders: A causal approach},   author={Bareinboim, Elias and Forney, Andrew and Pearl, Judea},   booktitle={Advances in Neural Information Processing Systems},   pages={1342--1350},   year={2015} } 
@article{robbins1952, author = "Robbins, Herbert", fjournal = "Bulletin of the American Mathematical Society", journal = "Bull. Amer. Math. Soc.", month = "09", number = "5", pages = "527--535", publisher = "American Mathematical Society", title = "Some aspects of the sequential design of experiments", volume = "58", year = "1952" } 
@article{watkins1992q,   title={Q-learning},   author={Watkins, Christopher JCH and Dayan, Peter},   journal={Machine learning},   volume={8},   number={3-4},   pages={279--292},   year={1992},   publisher={Springer} } 
@article{glymour2019review, title={Review of causal discovery methods based on graphical models}, author={Glymour, Clark and Zhang, Kun and Spirtes, Peter}, journal={Frontiers in Genetics}, volume={10}, year={2019}, publisher={Frontiers Media SA}}
@article{horgan2018distributed,   title={Distributed prioritized experience replay},   author={Horgan, Dan and Quan, John and Budden, David and Barth-Maron, Gabriel and Hessel, Matteo and Van Hasselt, Hado and Silver, David},   journal={arXiv preprint arXiv:1803.00933},   year={2018} } 
@article{wang2015dueling,   title={Dueling network architectures for deep reinforcement learning},   author={Wang, Ziyu and Schaul, Tom and Hessel, Matteo and Van Hasselt, Hado and Lanctot, Marc and De Freitas, Nando},   journal={arXiv preprint arXiv:1511.06581},   year={2015} } 
@inproceedings{van2016deep,   title={Deep reinforcement learning with double q-learning},   author={Van Hasselt, Hado and Guez, Arthur and Silver, David},   booktitle={Thirtieth AAAI Conference on Artificial Intelligence},   year={2016} } 
@inproceedings{bellemare2017distributional,   title={A distributional perspective on reinforcement learning},   author={Bellemare, Marc G and Dabney, Will and Munos, R{\'e}mi},   booktitle={Proceedings of the 34th International Conference on Machine Learning-Volume 70},   pages={449--458},   year={2017},   organization={JMLR. org} } 
@inproceedings{hessel2018rainbow,   title={Rainbow: Combining improvements in deep reinforcement learning},   author={Hessel, Matteo and Modayil, Joseph and Van Hasselt, Hado and Schaul, Tom and Ostrovski, Georg and Dabney, Will and Horgan, Dan and Piot, Bilal and Azar, Mohammad and Silver, David},   booktitle={Thirty-Second AAAI Conference on Artificial Intelligence},   year={2018} } 
@article{bellemare2013arcade,   title={The arcade learning environment: An evaluation platform for general agents},   author={Bellemare, Marc G and Naddaf, Yavar and Veness, Joel and Bowling, Michael},   journal={Journal of Artificial Intelligence Research},   volume={47},   pages={253--279},   year={2013} } 
@article{doi:10.1063/1.5025050, author = {Runge,J. }, title = {Causal network reconstruction from time series: From theoretical assumptions to practical estimation}, journal = {Chaos: An Interdisciplinary Journal of Nonlinear Science}, volume = {28}, number = {7}, pages = {075310}, year = {2018}, doi = {10.1063/1.5025050}, URL = {          https://doi.org/10.1063/1.5025050      }, eprint = {          https://doi.org/10.1063/1.5025050      } } 
@misc{openai2019solving,     title={Solving Rubik's Cube with a Robot Hand},     author={OpenAI and Ilge Akkaya and Marcin Andrychowicz and Maciek Chociej and Mateusz Litwin and Bob McGrew and Arthur Petron and Alex Paino and Matthias Plappert and Glenn Powell and Raphael Ribas and Jonas Schneider and Nikolas Tezak and Jerry Tworek and Peter Welinder and Lilian Weng and Qiming Yuan and Wojciech Zaremba and Lei Zhang},     year={2019},     eprint={1910.07113},     archivePrefix={arXiv},     primaryClass={cs.LG} } 
@article{vinyals2019grandmaster,   title={Grandmaster level in StarCraft II using multi-agent reinforcement learning},   author={Vinyals, Oriol and Babuschkin, Igor and Czarnecki, Wojciech M and Mathieu, Micha{\"e}l and Dudzik, Andrew and Chung, Junyoung and Choi, David H and Powell, Richard and Ewalds, Timo and Georgiev, Petko and others},   journal={Nature},   pages={1--5},   year={2019},   publisher={Nature Publishing Group} } 
@misc{gottesman2018evaluating,     title={Evaluating Reinforcement Learning Algorithms in Observational Health Settings},     author={Omer Gottesman and Fredrik Johansson and Joshua Meier and Jack Dent and Donghun Lee and Srivatsan Srinivasan and Linying Zhang and Yi Ding and David Wihl and Xuefeng Peng and Jiayu Yao and Isaac Lage and Christopher Mosch and Li-wei H. Lehman and Matthieu Komorowski and Matthieu Komorowski and Aldo Faisal and Leo Anthony Celi and David Sontag and Finale Doshi-Velez},     year={2018},     eprint={1805.12298},     archivePrefix={arXiv},     primaryClass={cs.LG} } 
@misc{garnelo2016deep,     title={Towards Deep Symbolic Reinforcement Learning},     author={Marta Garnelo and Kai Arulkumaran and Murray Shanahan},     year={2016},     eprint={1609.05518},     archivePrefix={arXiv},     primaryClass={cs.AI} } 
@book{pearl2018bookofwhy,   title={The Book of Why: The New Science of Cause and Effect},   author={Pearl, J. and Mackenzie, D.},   isbn={9780241242643},   year={2018},   publisher={Penguin Books Limited} } 
@InCollection{sep-causal-models, 	author       =	{Hitchcock, Christopher}, 	title        =	{Causal Models}, 	booktitle    =	{The Stanford Encyclopedia of Philosophy}, 	editor       =	{Edward N. Zalta}, 	howpublished =	{\url{https://plato.stanford.edu/archives/sum2019/entries/causal-models/}}, 	year         =	{2019}, 	edition      =	{Summer 2019}, 	publisher    =	{Metaphysics Research Lab, Stanford University} } 
@article{6-DBLP:journals/midm/YuDLR19,   author    = {Chao Yu and                Yinzhao Dong and                Jiming Liu and                Guoqi Ren},   title     = {Incorporating causal factors into reinforcement learning for dynamic                treatment regimes in {HIV}},   journal   = {{BMC} Med. Inf. {\&} Decision Making},   volume    = {19-S},   number    = {2},   pages     = {19--29},   year      = {2019},   url       = {https://doi.org/10.1186/s12911-019-0755-6},   doi       = {10.1186/s12911-019-0755-6},   timestamp = {Sun, 02 Jun 2019 20:53:03 +0200},   biburl    = {https://dblp.org/rec/bib/journals/midm/YuDLR19},   bibsource = {dblp computer science bibliography, https://dblp.org} } 
@inproceedings{lattimore2016causal,   title={Causal bandits: Learning good interventions via causal inference},   author={Lattimore, Finnian and Lattimore, Tor and Reid, Mark D},   booktitle={Advances in Neural Information Processing Systems},   pages={1181--1189},   year={2016} } 
@misc{nair2019causal,     title={Causal Induction from Visual Observations for Goal Directed Tasks},     author={Suraj Nair and Yuke Zhu and Silvio Savarese and Li Fei-Fei},     year={2019},     eprint={1910.01751},     archivePrefix={arXiv},     primaryClass={cs.LG} } 
@misc{beyret2019animalai,     title={The Animal-AI Environment: Training and Testing Animal-Like Artificial Cognition},     author={Benjamin Beyret and José Hernández-Orallo and Lucy Cheke and Marta Halina and Murray Shanahan and Matthew Crosby},     year={2019},     eprint={1909.07483},     archivePrefix={arXiv},     primaryClass={cs.LG} } 
@misc{madumal2019explainable,     title={Explainable Reinforcement Learning Through a Causal Lens},     author={Prashan Madumal and Tim Miller and Liz Sonenberg and Frank Vetere},     year={2019},     eprint={1905.10958},     archivePrefix={arXiv},     primaryClass={cs.LG} } 
@misc{CausalRL2019EliasB,   title = {Causal Reinforcement Learning},   author={Bareinboim, Elias},   howpublished = {\url{https://crl.causalai.net/}},   year={2019} } 
@misc{ mazumder2019guided, title={Guided Exploration in Deep Reinforcement Learning}, author={Sahisnu Mazumder and Bing Liu and Shuai Wang and Yingxuan Zhu and Xiaotian Yin and Lifeng Liu and Jian Li and Yongbing Huang}, year={2019}, url={https://openreview.net/forum?id=SJMeTo09YQ}, } 
@article{Dietterich:2000:HRL:1622262.1622268,  author = {Dietterich, Thomas G.},  title = {Hierarchical Reinforcement Learning with the MAXQ Value Function Decomposition},  journal = {J. Artif. Int. Res.},  issue_date = {August 2000},  volume = {13},  number = {1},  month = nov,  year = {2000},  issn = {1076-9757},  pages = {227--303},  numpages = {77},  url = {http://dl.acm.org/citation.cfm?id=1622262.1622268},  acmid = {1622268},  publisher = {AI Access Foundation},  address = {USA}, }  
@misc{plappert2018multigoal,     title={Multi-Goal Reinforcement Learning: Challenging Robotics Environments and Request for Research},     author={Matthias Plappert and Marcin Andrychowicz and Alex Ray and Bob McGrew and Bowen Baker and Glenn Powell and Jonas Schneider and Josh Tobin and Maciek Chociej and Peter Welinder and Vikash Kumar and Wojciech Zaremba},     year={2018},     eprint={1802.09464},     archivePrefix={arXiv},     primaryClass={cs.LG} } 
@article{playingagainstnature2018,   author    = {Mauricio Gonzalez{-}Soto and                Luis Enrique Sucar and                Hugo Jair Escalante},   title     = {Playing against Nature: causal discovery for decision making under                uncertainty},   journal   = {CoRR},   volume    = {abs/1807.01268},   year      = {2018},   url       = {http://arxiv.org/abs/1807.01268},   archivePrefix = {arXiv},   eprint    = {1807.01268},   timestamp = {Wed, 31 Jul 2019 16:21:20 +0200},   biburl    = {https://dblp.org/rec/journals/corr/abs-1807-01268.bib},   bibsource = {dblp computer science bibliography, https://dblp.org} } 
@article{surveyDRL2017,   author    = {Kai Arulkumaran and                Marc Peter Deisenroth and                Miles Brundage and                Anil Anthony Bharath},   title     = {A Brief Survey of Deep Reinforcement Learning},   journal   = {CoRR},   volume    = {abs/1708.05866},   year      = {2017},   url       = {http://arxiv.org/abs/1708.05866},   archivePrefix = {arXiv},   eprint    = {1708.05866},   timestamp = {Mon, 13 Aug 2018 16:46:01 +0200},   biburl    = {https://dblp.org/rec/journals/corr/abs-1708-05866.bib},   bibsource = {dblp computer science bibliography, https://dblp.org} } 
@article{theoryofcausalities2006,  ISSN = {0022362X},  URL = {http://www.jstor.org/stable/3655542},  author = {Nancy Cartwright},  journal = {The Journal of Philosophy},  number = {2},  pages = {55--66},  publisher = {Journal of Philosophy, Inc.},  title = {Where Is the Theory in Our "Theories" of Causality?},  volume = {103},  year = {2006} } 
@incollection{lamport2019time,   title={Time, clocks, and the ordering of events in a distributed system},   author={Lamport, Leslie}, booktitle={Concurrency: the Works of Leslie Lamport},   publisher = {Association for Computing Machinery},
pages={179--196},   year={2019} } 
@article{granger1969investigating,   title={Investigating causal relations by econometric models and cross-spectral methods},   author={Granger, Clive WJ},   journal={Econometrica: journal of the Econometric Society},   pages={424--438},   year={1969},   publisher={JSTOR} } 
@book{suppes1973probabilistic,
	title = {A Probabilistic Theory of Causality},
	year = {1970},
	publisher = {Amsterdam: North-Holland Pub. Co.},
	author = {Patrick Suppes}
}
@article{holland1986statistics,   title={Statistics and causal inference},   author={Holland, Paul W},   journal={Journal of the American statistical Association},   volume={81},   number={396},   pages={945--960},   year={1986},   publisher={Taylor \& Francis} } 
@article{pearl2010introduction,   title={An introduction to causal inference},   author={Pearl, Judea},   journal={The international journal of biostatistics},   volume={6},   number={2},   year={2010},   publisher={De Gruyter} } 

@article{mnih2015human,   title={Human-level control through deep reinforcement learning},   author={Mnih, Volodymyr and Kavukcuoglu, Koray and Silver, David and Rusu, Andrei A and Veness, Joel and Bellemare, Marc G and Graves, Alex and Riedmiller, Martin and Fidjeland, Andreas K and Ostrovski, Georg and others},   journal={Nature},   volume={518},   number={7540},   pages={529--533},   year={2015},   publisher={Nature Publishing Group} } 
@article{starcraft2019deepmind,    author = {Vinyals, Oriol and Babuschkin, Igor and Czarnecki, Wojciech M and Mathieu, Michaël and Dudzik, Andrew and Chung, Junyoung and Choi, David H and Powell, Richard and Ewalds, Timo and Georgiev, Petko and Oh, Junhyuk and Horgan, Dan and Kroiss, Manuel and Danihelka, Ivo and Huang, Aja and Sifre, Laurent and Cai, Trevor and Agapiou, John P and Jaderberg, Max and Vezhnevets, Alexander S and Leblond, Rémi and Pohlen, Tobias and Dalibard, Valentin and Budden, David and Sulsky, Yury and Molloy, James and Paine, Tom L and Gulcehre, Caglar and Wang, Ziyu and Pfaff, Tobias and Wu, Yuhuai and Ring, Roman and Yogatama, Dani and Wünsch, Dario and McKinney, Katrina and Smith, Oliver and Schaul, Tom and Lillicrap, Timothy and Kavukcuoglu, Koray and Hassabis, Demis and Apps, Chris and Silver, David},    title = {{Grandmaster level in StarCraft II using multi-agent reinforcement learning}},    issn = {0028-0836},    doi = {10.1038/s41586-019-1724-z},    pages = {350--354},    number = {7782},    volume = {575},    journal = {Nature},    year = {2019} } 
@article {Silver1140, 	author = {Silver, David and Hubert, Thomas and Schrittwieser, Julian and Antonoglou, Ioannis and Lai, Matthew and Guez, Arthur and Lanctot, Marc and Sifre, Laurent and Kumaran, Dharshan and Graepel, Thore and Lillicrap, Timothy and Simonyan, Karen and Hassabis, Demis}, 	title = {A general reinforcement learning algorithm that masters chess, shogi, and Go through self-play}, 	volume = {362}, 	number = {6419}, 	pages = {1140--1144}, 	year = {2018}, 	doi = {10.1126/science.aar6404}, 	publisher = {American Association for the Advancement of Science}, 	issn = {0036-8075}, 	URL = {https://science.sciencemag.org/content/362/6419/1140}, 	eprint = {https://science.sciencemag.org/content/362/6419/1140.full.pdf}, 	journal = {Science} } 
@article{botvinick2019reinforcement,   title={Reinforcement learning, fast and slow},   author={Botvinick, Mathew and Ritter, Sam and Wang, Jane X and Kurth-Nelson, Zeb and Blundell, Charles and Hassabis, Demis},   journal={Trends in cognitive sciences},   year={2019},   publisher={Elsevier} } 
@misc{schlkopf2019causality,     title={Causality for Machine Learning},     author={Bernhard Schölkopf},     year={2019},     eprint={1911.10500},     archivePrefix={arXiv},     primaryClass={cs.LG} } 
@book{woodward2005making,   title={Making things happen: A theory of causal explanation},   author={Woodward, James},   year={2005},   publisher={Oxford university press} } 
@misc{chalupka2014visual,     title={Visual Causal Feature Learning},     author={Krzysztof Chalupka and Pietro Perona and Frederick Eberhardt},     year={2014},     eprint={1412.2309},     archivePrefix={arXiv},     primaryClass={stat.ML} } 
@misc{causal_q_2019, title={Causal Based Q-Learning }, journal={MICAI Causal Reasoning Workshop}, author={Méndez-Molina, Arquímides and Feliciano-Avelino, Ivan}, year={2019}} 
@InCollection{sep-causation-mani, 	author       =	{Woodward, James}, 	title        =	{Causation and Manipulability}, 	booktitle    =	{The Stanford Encyclopedia of Philosophy}, 	editor       =	{Edward N. Zalta}, 	howpublished =	{\url{https://plato.stanford.edu/archives/win2016/entries/causation-mani/}}, 	year         =	{2016}, 	edition      =	{Winter 2016}, 	publisher    =	{Metaphysics Research Lab, Stanford University} } 
@book{spirtes2000causation,   title={Causation, prediction, and search},   author={Spirtes, Peter and Glymour, Clark N and Scheines, Richard and Heckerman, David},   year={2000},   publisher={MIT press} } 
@misc{gonzalezsoto2019reinforcement,     title={Reinforcement Learning is not a Causal problem},     author={Mauricio Gonzalez-Soto and Felipe Orihuela Espina},     year={2019},     eprint={1908.07617},     archivePrefix={arXiv},     primaryClass={cs.AI} } 
@article{bellman1966dynamic,   title={Dynamic programming},   author={Bellman, Richard},   journal={Science},   volume={153},   number={3731},   pages={34--37},   year={1966},   publisher={American Association for the Advancement of Science} } 
@misc{bengio2019metatransfer,     title={A Meta-Transfer Objective for Learning to Disentangle Causal Mechanisms},     author={Yoshua Bengio and Tristan Deleu and Nasim Rahaman and Rosemary Ke and Sébastien Lachapelle and Olexa Bilaniuk and Anirudh Goyal and Christopher Pal},     year={2019},     eprint={1901.10912},     archivePrefix={arXiv},     primaryClass={cs.LG} } 
@InCollection{sep-causation-probabilistic, 	author       =	{Hitchcock, Christopher}, 	title        =	{Probabilistic Causation}, 	booktitle    =	{The Stanford Encyclopedia of Philosophy}, 	editor       =	{Edward N. Zalta}, 	howpublished =	{\url{https://plato.stanford.edu/archives/fall2018/entries/causation-probabilistic/}}, 	year         =	{2018}, 	edition      =	{Fall 2018}, 	publisher    =	{Metaphysics Research Lab, Stanford University} } 
@article{mcfarlane2018survey,   title={A survey of exploration strategies in reinforcement learning},   author={McFarlane, Roger},   journal={McGill University, http://www. cs. mcgill. ca/cs526/roger. pdf, accessed: April},   year={2018} } 
@misc{hafner2019dream,     title={Dream to Control: Learning Behaviors by Latent Imagination},     author={Danijar Hafner and Timothy Lillicrap and Jimmy Ba and Mohammad Norouzi},     year={2019},     eprint={1912.01603},     archivePrefix={arXiv},     primaryClass={cs.LG} } 
@misc{saunders2017trial,     title={Trial without Error: Towards Safe Reinforcement Learning via Human Intervention},     author={William Saunders and Girish Sastry and Andreas Stuhlmueller and Owain Evans},     year={2017},     eprint={1707.05173},     archivePrefix={arXiv},     primaryClass={cs.AI} }
@book{Goodfellow-et-al-2016,
    title={Deep Learning},
    author={Ian Goodfellow and Yoshua Bengio and Aaron Courville},
    publisher={MIT Press},
    note={\url{http://www.deeplearningbook.org}},
    year={2016}
}


@misc{greaves, title={Understanding RL: The Bellman Equations}, url={https://joshgreaves.com/reinforcement-learning/understanding-rl-the-bellman-equations/}, journal={Understanding RL: The Bellman Equations}, author={Greaves, Joshua}, year={2017}}


@book{lapan_2020, place={Birmingham}, title={Deep reinforcement learning hands-on: apply modern RL methods to practical problems of chatbots, robotics, discrete optimization, web automation, and more}, publisher={Packt Publishing}, author={Lapan, Maxim}, year={2020}}

@techreport{lin1993reinforcement,
  title={Reinforcement learning for robots using neural networks},
  author={Lin, Long-Ji},
  year={1993},
  institution={Carnegie-Mellon Univ Pittsburgh PA School of Computer Science}
}

@techreport{gonzalez-soto, title={Use and acquisition of causal relationsfor decision making under uncertainty using imperfect information games}, author={Gonzalez-Soto, Mauricio}, institution={Instituto Nacional de Astrofísica, Óptica y Electrónica}, year={2019}}

@book{pearl2016causal,
  title={Causal inference in statistics: A primer},
  author={Pearl, Judea and Glymour, Madelyn and Jewell, Nicholas P},
  year={2016},
  publisher={John Wiley \& Sons}
}

@article{zhu2019causal,
  title={Causal discovery with reinforcement learning},
  author={Zhu, Shengyu and Ng, Ignavier and Chen, Zhitang},
  journal={arXiv preprint arXiv:1906.04477},
  year={2019}
}


@article{pearl2018theoretical,
  title={Theoretical impediments to machine learning with seven sparks from the causal revolution},
  author={Pearl, Judea},
  journal={arXiv preprint arXiv:1801.04016},
  year={2018}
}
@book{jebara2012machine,
  title={Machine learning: discriminative and generative},
  author={Jebara, Tony},
  volume={755},
  year={2012},
  publisher={Springer Science \& Business Media}
}
@misc{gonzalezsoto2019von,
    title={von Neumann-Morgenstern and Savage Theorems for Causal Decision Making},
    author={Mauricio Gonzalez-Soto and Luis E. Sucar and Hugo J. Escalante},
    year={2019},
    eprint={1907.11752},
    archivePrefix={arXiv},
    primaryClass={cs.AI}
}

@misc{everitt2019reward,
    title={Reward Tampering Problems and Solutions in Reinforcement Learning: A Causal Influence Diagram Perspective},
    author={Tom Everitt and Marcus Hutter},
    year={2019},
    eprint={1908.04734},
    archivePrefix={arXiv},
    primaryClass={cs.AI}
}

@inproceedings{edmonds2018human,
  title={Human Causal Transfer: Challenges for Deep Reinforcement Learning.},
  author={Edmonds, Mark and Kubricht, James and Summers, Colin and Zhu, Yixin and Rothrock, Brandon and Zhu, Song-Chun and Lu, Hongjing},
  booktitle={CogSci},
  year={2018}
}



@misc{shi2020selfsupervised,
    title={Self-Supervised Discovering of Causal Features: Towards Interpretable Reinforcement Learning},
    author={Wenjie Shi and Shiji Song and Zhuoyuan Wang and Gao Huang},
    year={2020},
    eprint={2003.07069},
    archivePrefix={arXiv},
    primaryClass={cs.CV}
}

@misc{colas2019hitchhikers,
    title={A Hitchhiker's Guide to Statistical Comparisons of Reinforcement Learning Algorithms},
    author={Cédric Colas and Olivier Sigaud and Pierre-Yves Oudeyer},
    year={2019},
    eprint={1904.06979},
    archivePrefix={arXiv},
    primaryClass={stat.ME}
}

@misc{gym2016brockman,
  Author = {Greg Brockman and Vicki Cheung and Ludwig Pettersson and Jonas Schneider and John Schulman and Jie Tang and Wojciech Zaremba},
  Title = {OpenAI Gym},
  Year = {2016},
  Eprint = {arXiv:1606.01540},
}

@misc{pan2018policy,
    title={Policy Optimization with Model-based Explorations},
    author={Feiyang Pan and Qingpeng Cai and An-Xiang Zeng and Chun-Xiang Pan and Qing Da and Hualin He and Qing He and Pingzhong Tang},
    year={2018},
    eprint={1811.07350},
    archivePrefix={arXiv},
    primaryClass={cs.LG}
}